%
% BibTex Database
% ===========================================================================
% This is part of the document "Project documentation template".
% Authors: brd3
%


@misc{QtDoc:Containers,
  author = {The Qt Company},
  title = {Qt Documentation: Containers},
  url = {http://doc.qt.io/qt-5/containers.html},
  note = {Accessed: 2016-05-16}
}

@misc{QtDoc:QList,
  author = {The Qt Company},
  title = {Qt Documentation: QList},
  url = {http://doc.qt.io/qt-5/qlist.html},
  note = {Accessed: 2016-05-16}
}
@misc{QtDoc:QLinkedList,
	author = {The Qt Company},
	title = {Qt Documentation: QLinkedList},
	url = {http://doc.qt.io/qt-5/qlinkedlist.html},
	note = {Accessed: 2016-05-16}
}
@misc{QtDoc:QVector,
	author = {The Qt Company},
	title = {Qt Documentation: QVector},
	url = {http://doc.qt.io/qt-5/qvector.html},
	note = {Accessed: 2016-05-16}
}
@misc{QtDoc:QMap,
	author = {The Qt Company},
	title = {Qt Documentation: QMap},
	url = {http://doc.qt.io/qt-5/qmap.html},
	note = {Accessed: 2016-05-16}
}
@misc{QtDoc:QMultiMap,
	author = {The Qt Company},
	title = {Qt Documentation: QMultiMap},
	url = {http://doc.qt.io/qt-5/qmultimap.html},
	note = {Accessed: 2016-05-16}
}
@misc{QtDoc:QSet,
	author = {The Qt Company},
	title = {Qt Documentation: QSet},
	url = {http://doc.qt.io/qt-5/qset.html},
	note = {Accessed: 2016-05-16}
}
@misc{QtDoc:QHash,
	author = {The Qt Company},
	title = {Qt Documentation: QHash},
	url = {http://doc.qt.io/qt-5/qhash.html},
	note = {Accessed: 2016-05-16}
}